<?xml version="1.0" encoding="UTF-8"?>
<collection xmlns:xsi="http://www.w3.org/2001/XMLSchema-instance" xsi:schemaLocation="http://www.loc.gov/MARC21/slim http://www.loc.gov/standards/marcxml/schema/MARC21slim.xsd" xmlns="http://www.loc.gov/MARC21/slim">
<record>
  <leader>01103nam a2200229 a 4500</leader>
  <controlfield tag="001">2959328</controlfield>
  <controlfield tag="003">NNC</controlfield>
  <controlfield tag="005">20030429141026.0</controlfield>
  <controlfield tag="008">841101s1904    ua            000 0 arard</controlfield>
  <datafield tag="035" ind1=" " ind2=" ">
    <subfield code="a">(OCoLC)ocm11337112</subfield>
  </datafield>
  <datafield tag="035" ind1=" " ind2=" ">
    <subfield code="9">ASK4463CU</subfield>
  </datafield>
  <datafield tag="040" ind1=" " ind2=" ">
    <subfield code="a">IUL</subfield>
    <subfield code="c">IUL</subfield>
    <subfield code="d">ZCU</subfield>
  </datafield>
  <datafield tag="090" ind1=" " ind2=" ">
    <subfield code="a">BP161</subfield>
    <subfield code="b">.T37</subfield>
  </datafield>
  <datafield tag="100" ind1="1" ind2=" ">
    <subfield code="a">Tarjumān, Aḥmad.</subfield>
  </datafield>
  <datafield tag="240" ind1="1" ind2="0">
    <subfield code="a">Fatḥ al-Malik al-ʻAllām fī bashā'ir dīn al-Islām</subfield>
  </datafield>
  <datafield tag="245" ind1="1" ind2="0">
    <subfield code="a">Kitāb Fatḥ al-Malik al-ʻAllām fī bashā'ir dīn al-Islām /</subfield>
    <subfield code="c">jamaʻa nuṣūṣahu Aḥmad Afandī Tarjumān ; wa-tawallá inshā'ahu Muḥammad Afandī Ḥabīb...maʻa murājaʻatihi ʻalá al-nuṣūṣ al-ʻIbrānīyah wa-muwāfaqat ʻulamā' al-Isrā'īlīyah ʻalayhā.</subfield>
  </datafield>
  <datafield tag="260" ind1=" " ind2=" ">
    <subfield code="a">Miṣr :</subfield>
    <subfield code="b">al-Maṭbaʻah al-Ḥamīdīyah al-Miṣrīyah,</subfield>
    <subfield code="c">1322 [1904]</subfield>
  </datafield>
  <datafield tag="300" ind1=" " ind2=" ">
    <subfield code="a">288 p. ;</subfield>
    <subfield code="c">20 cm.</subfield>
  </datafield>
  <datafield tag="500" ind1=" " ind2=" ">
    <subfield code="a">"Hādhihi risālah jamaʻtu fīhā mā tayassar jamʻuhu min bashā'ir al-Islām min al-Kitāb al-Muqaddas ʻinda Ahl al-Kitāb." (p. 2)</subfield>
  </datafield>
  <datafield tag="650" ind1=" " ind2="0">
    <subfield code="a">Islam</subfield>
    <subfield code="v">Apologetic works.</subfield>
  </datafield>
  <datafield tag="700" ind1="1" ind2=" ">
    <subfield code="a">Ḥabīb, Muḥammad Afandī.</subfield>
  </datafield>
  <datafield tag="955" ind1=" " ind2=" ">
    <subfield code="b">CU08168350</subfield>
    <subfield code="d">off,glx</subfield>
    <subfield code="e">BP161 .T37</subfield>
  </datafield>
</record>
</collection>